Date,Product,Region,Sales
2023-01-31,Laptop,North,12000
2023-02-28,Mobile,South,15000
2023-03-31,Tablet,East,8000
2023-04-30,Laptop,West,20000
2023-05-31,Mobile,North,22000
2023-06-30,Tablet,South,9000
2023-07-31,Laptop,East,18000
2023-08-31,Mobile,West,14000
2023-09-30,Tablet,North,10000
2023-10-31,Laptop,South,25000
2023-11-30,Mobile,East,16000
2023-12-31,Tablet,West,12000
